<?xml version="1.0" encoding="UTF-8"?><collection xmlns="http://www.loc.gov/MARC21/slim"><record><leader>00406nam--2200121-i-4500</leader><controlfield tag="001">000031335</controlfield><controlfield tag="002">20161230</controlfield><controlfield tag="005">20161230201038</controlfield><controlfield tag="008">060222s1000------------r-----000-0-eng-d</controlfield><datafield ind1=" " ind2=" " tag="245"><subfield code="a">Mathematische monographien. band 18: stochasticity and partial order. doubly stochastic maps und unitar mixing</subfield></datafield><datafield ind1=" " ind2=" " tag="260"><subfield code="a">Berlin, Veb Deutschen Verlag Der Wissenschaften</subfield></datafield><datafield ind1=" " ind2=" " tag="700"><subfield code="a">Alberti, P.M.And Uhlmann, A</subfield></datafield><datafield ind1=" " ind2=" " tag="852"><subfield code="a">47216</subfield></datafield></record></collection>